% This file was created with JabRef 2.10.
% Encoding: UTF-
@inproceedings{babuji2016cloud,
      title={Cloud Kotta: Enabling secure and scalable data analytics in the cloud},
      author={Babuji, Yadu N and Chard, Kyle and Gerow, Aaron and Duede, Eamon},
      booktitle={Big Data (Big Data), 2016 IEEE International Conference on},
      pages={302--310},
      year={2016},
      organization={IEEE}
    }

@article{lane2008using,
      title={Using a remote access data enclave for data dissemination},
      author={Lane, Julia and Shipp, Stephanie},
      journal={International Journal of Digital Curation},
      volume={2},
      number={1},
      pages={128--134},
      year={2008}
    }

@inproceedings{naehrig2011can,
      title={Can homomorphic encryption be practical?},
      author={Naehrig, Michael and Lauter, Kristin and Vaikuntanathan, Vinod},
      booktitle={Proceedings of the 3rd ACM workshop on Cloud computing security workshop},
      pages={113--124},
      year={2011},
      organization={ACM}
    }

@inproceedings{popa2011cryptdb,
      title={CryptDB: protecting confidentiality with encrypted query processing},
      author={Popa, Raluca Ada and Redfield, Catherine and Zeldovich, Nickolai and Balakrishnan, Hari},
      booktitle={Proceedings of the Twenty-Third ACM Symposium on Operating Systems Principles},
      pages={85--100},
      year={2011},
      organization={ACM}
    }

@inproceedings{kepner2014computing,
      title={Computing on masked data: a high performance method for improving big data veracity},
      author={Kepner, Jeremy and Gadepally, Vijay and Michaleas, Pete and Schear, Nabil and Varia, Mayank and Yerukhimovich, Arkady and Cunningham, Robert K},
      booktitle={High Performance Extreme Computing Conference (HPEC), 2014 IEEE},
      pages={1--6},
      year={2014},
      organization={IEEE}
    }

@article{ross2013security,
title={Security and Privacy Controls for Federal Information Systems and Organizations [includes updates as of 5/7/13]},
author={Ross, Ronald S},
journal={Special Publication (NIST SP)-800-53 Rev 4},
year={2013}
}

@article{byres2013air,
title={The air gap: SCADA's enduring security myth},
author={Byres, Eric},
journal={Communications of the ACM},
volume={56},
number={8},
pages={29--31},
year={2013},
publisher={ACM}
}


@inproceedings{gentry2012fully,
      title={Fully homomorphic encryption with polylog overhead},
      author={Gentry, Craig and Halevi, Shai and Smart, Nigel P},
      booktitle={Annual International Conference on the Theory and Applications of Cryptographic Techniques},
      pages={465--482},
      year={2012},
      organization={Springer}
    }
    
@INPROCEEDINGS{abramson14hybrid, 
author={S. Abramson and W. Horka and L. Wisniewski}, 
booktitle={Proceedings of the 34th International Conference on Distributed Computing Systems Workshops (ICDCSW)}, 
title={A Hybrid Cloud Architecture for a Social Science Research Computing Data Center}, 
year={2014}, 
pages={45-50}, 
keywords={Cloud computing;Computer architecture;Educational institutions;Measurement;Servers;Virtual private networks;cloud computing;load balancing;research computing;secure storage;virtual private network}, 
doi={10.1109/ICDCSW.2014.32}, 
ISSN={1545-0678}, 
month={June},}


@inproceedings{babuji2017enabling,
      title={Enabling Interactive Analytics of Secure Data using Cloud Kotta},
      author={Babuji, Yadu N and Chard, Kyle and Duede, Eamon},
      booktitle={Proceedings of the 8th Workshop on Scientific Cloud Computing},
      pages={9--15},
      year={2017},
      organization={ACM}
    }

@inproceedings{zheng14capsules,
 author = {Zeng, Jiaan and Ruan, Guangchen and Crowell, Alexander and Prakash, Atul and Plale, Beth},
 title = {Cloud Computing Data Capsules for Non-consumptiveuse of Texts},
 booktitle = {Proceedings of the 5th ACM Workshop on Scientific Cloud Computing (ScienceCloud)},
 year = {2014},
 isbn = {978-1-4503-2911-8},
 location = {Vancouver, BC, Canada},
 pages = {9--16},
 numpages = {8},
 doi = {10.1145/2608029.2608031},
 acmid = {2608031},
 keywords = {cloud computing, data capsules, large-scale text mining, non-consumptive use}
} 


@article{Udell,
  title={Generalized low rank models},
  author={Udell, Madeleine and Horn, Corinne and Zadeh, Reza and Boyd, Stephen},
  journal={arXiv preprint arXiv:1410.0342},
  year={2014}
}

@incollection{Gerow,
  title={Proposing Ties in a Dense Hypergraph of Academics},
  author={Gerow, Aaron and Lou, Bowen and Duede, Eamon and Evans, James},
  booktitle={Social Informatics},
  pages={209--226},
  year={2015},
  publisher={Springer}
}

@inproceedings{osdc,
  title={The design of a community science cloud: The open science data cloud perspective},
  author={Grossman, Robert L and Greenway, Matthew and Heath, Allison P and Powell, Ray and Suarez, Rafael D and Wells, Walt and White, Kevin and Atkinson, Malcolm and Klampanos, Iraklis and Alvarez, Heidi L and others},
  booktitle={High Performance Computing, Networking, Storage and Analysis (SCC), 2012 SC Companion:},
  pages={1051--1057},
  year={2012},
  organization={IEEE}
}

@book{Rubin,
  title={Multiple imputation for nonresponse in surveys},
  author={Rubin, Donald B},
  volume={81},
  year={2004},
  publisher={John Wiley \& Sons}
}

@article{evans2010philosophy,
  title={Philosophy of science: Machine science},
  author={Evans, James and Rzhetsky, Andrey},
  journal={Science (New York, NY)},
  volume={329},
  number={5990},
  pages={399},
  year={2010},
  publisher={NIH Public Access}
}

@inproceedings{Mikolov,
  title={Distributed representations of words and phrases and their compositionality},
  author={Mikolov, Tomas and Sutskever, Ilya and Chen, Kai and Corrado, Greg S and Dean, Jeff},
  booktitle={Advances in neural information processing systems},
  pages={3111--3119},
  year={2013}
}

@inproceedings{Chang,
  title={Reading tea leaves: How humans interpret topic models},
  author={Chang, Jonathan and Gerrish, Sean and Wang, Chong and Boyd-Graber, Jordan L and Blei, David M},
  booktitle={Advances in neural information processing systems},
  pages={288--296},
  year={2009}
}

@article{Le,
  title={Distributed representations of sentences and documents},
  author={Le, Quoc V and Mikolov, Tomas},
  journal={arXiv preprint arXiv:1405.4053},
  year={2014}
}

@Article{allen2012software,
  Title                    = {Software as a service for data scientists},
  Author                   = {Allen, Bryce and Bresnahan, John and Childers, Lisa and Foster, Ian and Kandaswamy, Gopi and Kettimuthu, Raj and Kordas, Jack and Link, Mike and Martin, Stuart and Pickett, Karl and others},
  Journal                  = {Communications of the ACM},
  Year                     = {2012},
  Number                   = {2},
  Pages                    = {81--88},
  Volume                   = {55},

  Owner                    = {ryan},
  Publisher                = {ACM},
  Timestamp                = {2015.02.18}
}

@InProceedings{ananthakrishnan2013globus,
  Title                    = {{Globus Nexus}: An identity, profile, and group management platform for science gateways and other collaborative science applications},
  Author                   = {Ananthakrishnan, Rachana and Bryan, Josh and Chard, Kyle and Foster, Ian and Howe, Tom and Lidman, Mattias and Tuecke, Steven},
  Booktitle                = {Proceedings of the International Conference on Cluster Computing (CLUSTER)},
  Year                     = {2013},
  Organization             = {IEEE},
  Pages                    = {1--3},

  Owner                    = {ryan},
  Timestamp                = {2015.02.18}
}

@Article{andrews2010fastqc,
  Title                    = {{FastQC}: A quality control tool for high throughput sequence data},
  Author                   = {Andrews, S and others},
  Journal                  = {Reference Source},
  Year                     = {2010},

  Owner                    = {ryan},
  Timestamp                = {2015.11.13}
}

@InProceedings{andrzejak2010decision,
  Title                    = {Decision model for cloud computing under {SLA} constraints},
  Author                   = {Andrzejak, Artur and Kondo, Derrick and Yi, Sangho},
  Booktitle                = {Proceedings of the International Symposium on Modeling, Analysis \& Simulation of Computer and Telecommunication Systems (MASCOTS)},
  Year                     = {2010},
  Organization             = {IEEE},
  Pages                    = {257--266},

  Owner                    = {ryan},
  Timestamp                = {2015.02.16}
}

@InProceedings{becerra09batchprofile,
  Title                    = {Batch Job Profiling and Adaptive Profile Enforcement for Virtualized Environments},
  Author                   = {Becerra, Y. and Carrera, D. and Ayguade, E.},
  Booktitle                = {Proceedings of hte 17th Euromicro International Conference on Parallel, Distributed and Network-based Processing},
  Year                     = {2009},
  Month                    = {Feb},
  Pages                    = {414-418},

  Doi                      = {10.1109/PDP.2009.55},
  ISSN                     = {1066-6192},
  Keywords                 = {computer centres;middleware;resource allocation;virtual enterprises;virtual reality;adaptive profile enforcement;batch job profiling;data center management;middleware;resource allocation;virtualized environments;Application virtualization;Control systems;Environmental management;Middleware;Prototypes;Resource management;Resource virtualization;Testing;Virtual machining;Voice mail;Resource Allocation;Virtualization;Workload modelling;Workload profiling}
}

@inproceedings{Zhang,
  title={Fast, Flexible Models for Discovering Topic Correlation across Weakly-Related Collections},
  author={Zhang, Jingwei and Gerow, Aaron and Altosaar, Jaan and Evans, James and So, Richard Jean},
  booktitle={Proceedings of Empirical Methods in Natural Language Processing},
  year={2015}
}

@inproceedings{Rosen-Zvi,
  title={The author-topic model for authors and documents},
  author={Rosen-Zvi, Michal and Griffiths, Thomas and Steyvers, Mark and Smyth, Padhraic},
  booktitle={Proceedings of the 20th conference on Uncertainty in artificial intelligence},
  pages={487--494},
  year={2004},
  organization={AUAI Press}
}

@article{Blei,
  title={Latent dirichlet allocation},
  author={Blei, David M and Ng, Andrew Y and Jordan, Michael I},
  journal={Journal of Machine Learning Research},
  volume={3},
  pages={993--1022},
  year={2003}
}

@InProceedings{chard14tbi,
  Title                    = {A Cloud-based Image Analysis Gateway for Traumatic Brain Injury Research},
  Author                   = {Chard, Kyle and Madduri, Ravi and Jiang, Xia and Dahi, Farid and Vannier, Michael W. and Foster, Ian},
  Booktitle                = {Proceedings of the 9th Gateway Computing Environments Workshop},
  Year                     = {2014},
  Pages                    = {13--16},
  Publisher                = {IEEE},
  Acmid                    = {2690891},
  Doi                      = {10.1109/GCE.2014.8},
  ISBN                     = {978-1-4799-7030-8},
  Location                 = {New Orleans, Louisiana},
  Numpages                 = {4}
}

@Article{chard2014network,
  Title                    = {Network health and {e-Science} in commercial clouds },
  Author                   = {Ryan Chard and Kris Bubendorfer and Bryan Ng},
  Journal                  = {Future Generation Computer Systems },
  Year                     = {2015},
  Volume                   = {Preprint},

  ISSN                     = {0167-739X},
  Keywords                 = {Network tomography},
  Owner                    = {ryan},
  Timestamp                = {2015.07.23}
}

@InProceedings{chard2014networkesci,
  Title                    = {Network Health and e-{S}cience in Public Clouds},
  Author                   = {Chard, Ryan and Bubendorfer, Kris and Ng, Bryan},
  Booktitle                = {Proceedings of the 10th IEEE International Conference on e-Science},
  Year                     = {2014},
  Organization             = {IEEE},
  Pages                    = {309--316},

  Owner                    = {ryan},
  Timestamp                = {2015.02.19}
}

@InProceedings{chard2015cost,
  Title                    = {Cost-Aware Cloud Provisioning},
  Author                   = {Chard, Ryan and Chard, Kyle and Bubendorfer, Kris and Lacinski, Lukasz and Madduri, Ravi and Foster, Ian},
  Booktitle                = {Proceedings of the 11th International Conference on e-Science},
  Year                     = {2015},
  Month                    = {August},
  Pages                    = {136--144},
  Doi                      = {10.1109/eScience.2015.67},
  Keywords                 = {Bioinformatics;Computational modeling;Genomics;Logic gates;Memory management;Pricing;Reliability;Cloud computing;cost-aware;provisioning},
  Owner                    = {ryan},
  Timestamp                = {2015.11.12}
}

@InProceedings{chard2015costworkloads,
  Title                    = {Cost-Aware Elastic Cloud Provisioning for Scientific Workloads},
	Author                   = {Chard, Ryan and Chard, Kyle and Bubendorfer, Kris and Lacinski, Lukasz and Madduri, Ravi and Foster, Ian},
  Booktitle                = {Proceedings of the 8th International Conference on Cloud Computing (CLOUD)},
  Year                     = {2015},
  Month                    = {June},
  Pages                    = {971--974},
  Doi                      = {10.1109/CLOUD.2015.130},
  Owner                    = {ryan},
  Timestamp                = {2015.11.12}
}

@Article{me2014scalable,
  Title                    = {Scalable {pCT} Image Reconstruction Delivered as a Cloud Service},
  Author                   = {Chard, R. and Madduri, R. and Karonis, N. and Chard, K. and Duffin, K.L. and Ordonez, C.E. and Uram, T.D. and Fleischauer, J. and Foster, I.T. and Papka, M.E. and Winans, J.},
  Journal                  = {IEEE Transactions on Cloud Computing},
  Year                     = {2015},
  Number                   = {99},
  Pages                    = {1-1},
  Volume                   = {Preprint},

  Doi                      = {10.1109/TCC.2015.2457423},
  ISSN                     = {2168-7161},
  Keywords                 = {Biomedical imaging;Cloud computing;History;Image reconstruction;Medical treatment;Protons;Cloud computing;Medical imaging;Proton computed tomography},
  Owner                    = {ryan},
  Timestamp                = {2015.07.23}
}

@InProceedings{chard2014pdacs,
  Title                    = {{PDACS}: a portal for data analysis services for cosmological simulations},
  Author                   = {Chard, Ryan and Sehrish, Saba and Rodriguez, Alex and Madduri, Ravi and Uram, Thomas D and Paterno, Marc and Heitmann, Katrin and Cholia, Shreyas and Kowalkowski, Jim and Habib, Salman},
  Booktitle                = {Proceedings of the 9th Gateway Computing Environments Workshop},
  Year                     = {2014},
  Organization             = {IEEE},
  Pages                    = {30--33},

  Owner                    = {ryan},
  Timestamp                = {2015.02.18}
}

@article{chard15nexus,
	title = {{Globus Nexus}: A Platform-as-a-Service provider of research identity, profile, and group management},
	author = {Kyle Chard and Mattias Lidman and Brendan McCollam and Josh Bryan and Rachana Ananthakrishnan and Steven Tuecke and Ian Foster},
	journal = {Future Generation Computer Systems },
	volume = {},
	number = {},
	pages = { - },
	year = {2015},
	issn = {0167-739X},
	doi = {http://dx.doi.org/10.1016/j.future.2015.09.006}
}


@InProceedings{cholia2010newt,
  Title                    = {{NEWT}: A {REST}ful service for building High Performance Computing web applications},
  Author                   = {Cholia, Shreyas and Skinner, David and Boverhof, Joshua},
  Booktitle                = {Proceedings of the 5th Gateway Computing Environments Workshop (GCE)},
  Year                     = {2010},
  Organization             = {IEEE},
  Pages                    = {1--11},

  Owner                    = {ryan},
  Timestamp                = {2015.02.18}
}

@InProceedings{deelman2008cost,
  Title                    = {The Cost of Doing Science on the Cloud: The {M}ontage Example},
  Author                   = {Deelman, Ewa and Singh, Gurmeet and Livny, Miron and Berriman, Bruce and Good, John},
  Booktitle                = {Proceedings of the 2008 ACM/IEEE Conference on Supercomputing},
  Year                     = {2008},

  Address                  = {Piscataway, NJ, USA},
  Pages                    = {50:1--50:12},
  Publisher                = {IEEE Press},
  Series                   = {SC '08},

  Acmid                    = {1413421},
  Articleno                = {50},
  ISBN                     = {978-1-4244-2835-9},
  Location                 = {Austin, Texas},
  Numpages                 = {12}
}

@InProceedings{demasi2013identifying,
  Title                    = {Identifying {HPC} codes via performance logs and machine learning},
  Author                   = {DeMasi, Orianna and Samak, Taghrid and Bailey, David H},
  Booktitle                = {Proceedings of the first workshop on Changing landscapes in HPC security},
  Year                     = {2013},
  Organization             = {ACM},
  Pages                    = {23--30},

  Owner                    = {ryan},
  Timestamp                = {2015.11.13}
}

@InProceedings{do2011profiling,
  Title                    = {Profiling Applications for Virtual Machine Placement in Clouds},
  Author                   = {Anh Vu Do and Junliang Chen and Chen Wang and Young Choon Lee and Zomaya, A.Y. and Bing Bing Zhou},
  Booktitle                = {Proceedings of the IEEE International Conference on Cloud Computing (CLOUD)},
  Year                     = {2011},
  Month                    = {July},
  Pages                    = {660-667},

  Doi                      = {10.1109/CLOUD.2011.75},
  ISSN                     = {2159-6182},
  Keywords                 = {cloud computing;correlation methods;decision making;processor scheduling;resource allocation;virtual machines;application profiling;canonical correlation analysis method;cloud computing;decision making;resource allocation;virtual machine placement;Benchmark testing;Cloud computing;Correlation;Measurement;Predictive models;Resource management;System performance;application profile;canonical correlation analysis;cloud computing;resource utilization},
  Owner                    = {ryan},
  Timestamp                = {2015.11.12}
}

@InProceedings{dooley2012software,
  Title                    = {Software-as-a-service: the i{P}lant foundation {API}},
  Author                   = {Dooley, Rion and Vaughn, Matthew and Stanzione, Dan and Terry, Steve and Skidmore, Edwin},
  Booktitle                = {5th IEEE Workshop on Many-Task Computing on Grids and Supercomputers (MTAGS)},
  Year                     = {2012},
  Owner                    = {ryan},
  Timestamp                = {2015.02.18}
}

@Article{elmroth08grid,
  Title                    = {Grid resource brokering algorithms enabling advance reservations and resource selection based on performance predictions },
  Author                   = {Erik Elmroth and Johan Tordsson},
  Journal                  = {Future Generation Computer Systems },
  Year                     = {2008},
  Number                   = {6},
  Pages                    = {585--593},
  Volume                   = {24},
  Doi                      = {http://dx.doi.org/10.1016/j.future.2007.06.001},
  ISSN                     = {0167-739X},
  Keywords                 = {Resource broker}
}

@Article{foster11globusonline,
  Title                    = {Globus {O}nline: Accelerating and Democratizing Science through Cloud-Based Services},
  Author                   = {Foster, I.},
  Journal                  = {Internet Computing, IEEE},
  Year                     = {2011},

  Month                    = {May},
  Number                   = {3},
  Pages                    = {70-73},
  Volume                   = {15},

  Doi                      = {10.1109/MIC.2011.64},
  ISSN                     = {1089-7801},
  Keywords                 = {cloud computing;groupware;natural sciences computing;outsourcing;Globus Online;IT tasks outsourcing;cloud based services;cloud providers;collaborative scientific research;Cloud computing;Electronic mail;Facsimile;Outsourcing;Servers;Globus Online;Internet computing;Keywords: cloud;outsourcing;science}
}

@Article{foster2011accelerating,
  Title                    = {Accelerating and democratizing science through cloud-based services.},
  Author                   = {Foster, Ian},
  Journal                  = {IEEE Internet Comput.},
  Year                     = {2011},
  Number                   = {ANL/MCS/JA-69753},
  Volume                   = {15},

  Owner                    = {ryan},
  Publisher                = {Argonne National Laboratory (ANL)},
  Timestamp                = {2015.02.18}
}

@Article{foster2005service,
  Title                    = {Service-oriented science},
  Author                   = {Foster, Ian},
  Journal                  = {Science},
  Year                     = {2005},
  Number                   = {5723},
  Pages                    = {814--817},
  Volume                   = {308},

  Owner                    = {ryan},
  Publisher                = {American Association for the Advancement of Science},
  Timestamp                = {2015.02.18}
}

@Article{goecks2010galaxy,
  Title                    = {Galaxy: a comprehensive approach for supporting accessible, reproducible, and transparent computational research in the life sciences},
  Author                   = {Goecks, Jeremy and Nekrutenko, Anton and Taylor, James and others},
  Journal                  = {Genome Biol},
  Year                     = {2010},
  Number                   = {8},
  Pages                    = {R86},
  Volume                   = {11},

  Owner                    = {ryan},
  Timestamp                = {2015.02.18}
}

@Article{highnam2015analytical,
  Title                    = {An analytical framework for optimizing variant discovery from personal genomes},
  Author                   = {Highnam, Gareth and Wang, Jason J and Kusler, Dean and Zook, Justin and Vijayan, Vinaya and Leibovich, Nir and Mittelman, David},
  Journal                  = {Nature communications},
  Year                     = {2015},
  Number                   = {6275},
  Volume                   = {6},

  Owner                    = {ryan},
  Publisher                = {Nature Publishing Group},
  Timestamp                = {2015.11.13}
}

@InProceedings{hoffa2008use,
  Title                    = {On the use of cloud computing for scientific workflows},
  Author                   = {Hoffa, Christina and Mehta, Gaurang and Freeman, Timothy and Deelman, Ewa and Keahey, Kate and Berriman, Bruce and Good, John},
  Booktitle                = {Proceedings of the 4th International Conference on eScience},
  Year                     = {2008},
  Organization             = {IEEE},
  Pages                    = {640--645},

  Owner                    = {ryan},
  Timestamp                = {2015.02.19}
}

@Article{iosup2011performance,
  Title                    = {Performance analysis of cloud computing services for many-tasks scientific computing},
  Author                   = {Iosup, Alexandru and Ostermann, Simon and Yigitbasi, M Nezih and Prodan, Radu and Fahringer, Thomas and Epema, Dick HJ},
  Journal                  = {IEEE Transactions on Parallel and Distributed Systems},
  Year                     = {2011},
  Number                   = {6},
  Pages                    = {931--945},
  Volume                   = {22},

  Owner                    = {ryan},
  Publisher                = {IEEE},
  Timestamp                = {2015.11.12}
}

@InProceedings{jackson2010performance,
  Title                    = {Performance analysis of high performance computing applications on the {Amazon Web Services} cloud},
  Author                   = {Jackson, Keith R and Ramakrishnan, Lavanya and Muriki, Krishna and Canon, Shane and Cholia, Shreyas and Shalf, John and Wasserman, Harvey J and Wright, Nicholas J},
  Booktitle                = {Proceedings of the 2nd International Conference on Cloud Computing Technology and Science (CloudCom)},
  Year                     = {2010},
  Organization             = {IEEE},
  Pages                    = {159--168},

  Owner                    = {ryan},
  Timestamp                = {2015.11.12}
}

@InProceedings{kraw2008Grid,
  Title                    = {{Grid Resource Allocation: Utilisation Patterns}},
  Author                   = {Stefan Krawczyk and Kris Bubendorfer},
  Booktitle                = {Proceedings of the 6th Australasian Symposium on Grid Computing and e-Research (AusGrid)},
  Year                     = {2008},
  Address                  = {Wollongong, Australia},
  Month                    = {January},
  Series                   = {CRPIT},
  Url                      = {publications/Ausgrid2008.pdf}
}

@Article{langmead2012fast,
  Title                    = {Fast gapped-read alignment with {B}owtie 2},
  Author                   = {Langmead, Ben and Salzberg, Steven L},
  Journal                  = {Nature methods},
  Year                     = {2012},
  Number                   = {4},
  Pages                    = {357--359},
  Volume                   = {9},

  Owner                    = {ryan},
  Publisher                = {Nature Publishing Group},
  Timestamp                = {2015.11.12}
}

@InProceedings{leitner2012application,
  Title                    = {Application-level performance monitoring of cloud services based on the complex event processing paradigm},
  Author                   = {Leitner, Philipp and Inzinger, Christian and Hummer, Waldemar and Satzger, Benjamin and Dustdar, Schahram},
  Booktitle                = {Proceedings of the 5th International Conference on Service-Oriented Computing and Applications (SOCA)},
  Year                     = {2012},
  Organization             = {IEEE},
  Pages                    = {1--8},

  Owner                    = {ryan},
  Timestamp                = {2015.11.13}
}

@Article{li2013aligning,
  Title                    = {Aligning sequence reads, clone sequences and assembly contigs with {BWA-MEM}},
  Author                   = {Li, Heng},
  Journal                  = {arXiv preprint arXiv:1303.3997},
  Year                     = {2013},

  Owner                    = {ryan},
  Timestamp                = {2015.11.13}
}

@Article{li2009fast,
  Title                    = {Fast and accurate short read alignment with {B}urrows--{W}heeler transform},
  Author                   = {Li, Heng and Durbin, Richard},
  Journal                  = {Bioinformatics},
  Year                     = {2009},
  Number                   = {14},
  Pages                    = {1754--1760},
  Volume                   = {25},

  Owner                    = {ryan},
  Publisher                = {Oxford Univ Press},
  Timestamp                = {2015.11.12}
}

@TechReport{lifka2013xsede,
  Title                    = {{XSEDE} cloud survey report},
  Author                   = {Lifka, D and Foster, I and Mehringer, S and Parashar, M and Redfern, P and Stewart, C and Tuecke, S},
  Institution              = {Technical report, National Science Foundation, USA},
  Year                     = {2013},

  Owner                    = {ryan},
  Timestamp                = {2015.02.18}
}

@InProceedings{litzkow1988condor,
  Title                    = {Condor--a hunter of idle workstations},
  Author                   = {Litzkow, Michael J and Livny, Miron and Mutka, Matt W},
  Booktitle                = {Proceedings of the 8th International Conference on Distributed Computing Systems},
  Year                     = {1988},
  Organization             = {IEEE},
  Pages                    = {104--111},

  Owner                    = {ryan},
  Timestamp                = {2015.02.18}
}

@Article{livny1997mechanisms,
  Title                    = {Mechanisms for high throughput computing},
  Author                   = {Livny, Miron and Basney, Jim and Raman, Rajesh and Tannenbaum, Todd},
  Journal                  = {SPEEDUP journal},
  Year                     = {1997},
  Number                   = {1},
  Pages                    = {36--40},
  Volume                   = {11},

  Owner                    = {ryan},
  Publisher                = {Citeseer},
  Timestamp                = {2015.02.18}
}

@Article{madduri2014globus,
  Title                    = {The {Globus Galaxies} platform: delivering science gateways as a service},
  Author                   = {Madduri, Ravi and Chard, Kyle and Chard, Ryan and Lacinski, Lukasz and Rodriguez, Alex and Sulakhe, Dinanath and Kelly, David and Dave, Utpal and Foster, Ian},
  Journal                  = {Concurrency and Computation: Practice and Experience},
  Year                     = {2015},
  Number                   = {16},
  Pages                    = {4344--4360},
  Volume                   = {27},
  Doi                      = {10.1002/cpe.3486},
  ISSN                     = {1532-0634},
  Keywords                 = {Cloud Computing, Science Gateways, HPC},
  Owner                    = {ryan},
  Timestamp                = {2015.07.23}
}

@Article{madduri2014experiences,
  Title                    = {Experiences building {Globus Genomics}: a next-generation sequencing analysis service using {Galaxy, Globus, and Amazon Web Services}},
  Author                   = {Madduri, Ravi K and Sulakhe, Dinanath and Lacinski, Lukasz and Liu, Bo and Rodriguez, Alex and Chard, Kyle and Dave, Utpal J and Foster, Ian T},
  Journal                  = {Concurrency and Computation: Practice and Experience},
  Year                     = {2014},
  Number                   = {13},
  Pages                    = {2266--2279},
  Volume                   = {26},

  Owner                    = {ryan},
  Publisher                = {Wiley Online Library},
  Timestamp                = {2015.02.18}
}

@InProceedings{malawski2012cost,
  Title                    = {Cost- and Deadline-constrained Provisioning for Scientific Workflow Ensembles in {IaaS} Clouds},
  Author                   = {Malawski, Maciej and Juve, Gideon and Deelman, Ewa and Nabrzyski, Jarek},
  Booktitle                = {Proceedings of the International Conference on High Performance Computing, Networking, Storage and Analysis},
  Year                     = {2012},
  Address                  = {Los Alamitos, CA, USA},
  Pages                    = {22:1--22:11},
  Publisher                = {IEEE Computer Society Press},
  Acmid                    = {2389026},
  Articleno                = {22},
  ISBN                     = {978-1-4673-0804-5},
  Location                 = {Salt Lake City, Utah},
  Numpages                 = {11}
}

@InProceedings{mao2011auto,
  Title                    = {Auto-scaling to minimize cost and meet application deadlines in cloud workflows},
  Author                   = {Mao, Ming and Humphrey, Marty},
  Booktitle                = {Proceedings of International Conference for High Performance Computing, Networking, Storage and Analysis},
  Year                     = {2011},
  Organization             = {ACM},
  Pages                    = {49},

  Owner                    = {ryan},
  Timestamp                = {2015.02.20}
}

@InProceedings{marru2011apache,
  Title                    = {Apache {A}iravata: a framework for distributed applications and computational workflows},
  Author                   = {Marru, Suresh and Gunathilake, Lahiru and Herath, Chathura and Tangchaisin, Patanachai and Pierce, Marlon and Mattmann, Chris and Singh, Raminder and Gunarathne, Thilina and Chinthaka, Eran and Gardler, Ross and others},
  Booktitle                = {Proceedings of the 2011 workshop on Gateway computing environments},
  Year                     = {2011},
  Organization             = {ACM},
  Pages                    = {21--28},

  Owner                    = {ryan},
  Timestamp                = {2015.02.18}
}

@Article{montella15faceit,
  Title                    = {{FACE-IT}: A science gateway for food security research},
  Author                   = {Montella, Raffaele and Kelly, David and Xiong, Wei and Brizius, Alison and Elliott, Joshua and Madduri, Ravi and Maheshwari, Ketan and Porter, Cheryl and Vilter, Peter and Wilde, Michael and Zhang, Meng and Foster, Ian},
  Journal                  = {Concurrency and Computation: Practice and Experience},
  Year                     = {2015},
  Number                   = {16},
  Pages                    = {4423--4436},
  Volume                   = {27},
  ISSN                     = {1532-0634},
  Keywords                 = {science gateways, climate impacts and food security, globus galaxies}
}

@InProceedings{2007e-CR,
  Title                    = {A {SLA}-Oriented Management of Containers for Hosting Stateful Web Services},
  Author                   = {Christoph Reich and Kris Bubendorfer and Matthias Banholzer and Rajkumar Buyya},
  Booktitle                = {Proceedings of the 3rd IEEE International Conference on e-Science and Grid Computing},
  Year                     = {2007},
  Month                    = {December},

  Opteditor                = {85--92}
}

@InProceedings{skidmore2011iplant,
  Title                    = {{iPlant} Atmosphere: A Gateway to Cloud Infrastructure for the Plant Sciences},
  Author                   = {Skidmore, Edwin and Kim, Seung-jin and Kuchimanchi, Sangeeta and Singaram, Sriramu and Merchant, Nirav and Stanzione, Dan},
  Booktitle                = {Proceedings of the 2011 ACM Workshop on Gateway Computing Environments (GCE)},
  Year                     = {2011},
  Pages                    = {59--64},
  Publisher                = {ACM},
  Acmid                    = {2110495},
  Doi                      = {10.1145/2110486.2110495},
  ISBN                     = {978-1-4503-1123-6},
  Keywords                 = {cloud, cloud computing, cloud storage, cyberinfrastructure, plant sciences, virtualization},
  Location                 = {Seattle, Washington, USA},
  Numpages                 = {6},
  Owner                    = {ryan},
  Timestamp                = {2015.07.23}
}

@Article{tang13scheduling,
  Title                    = {Job scheduling with adjusted runtime estimates on production supercomputers },
  Author                   = {Wei Tang and Narayan Desai and Daniel Buettner and Zhiling Lan},
  Journal                  = {Journal of Parallel and Distributed Computing},
  Year                     = {2013},
  Number                   = {7},
  Pages                    = {926--938},
  Volume                   = {73},
  Doi                      = {http://dx.doi.org/10.1016/j.jpdc.2013.02.006},
  ISSN                     = {0743-7315},
  Keywords                 = {Job scheduling}
}

@Article{truong2005dynamic,
  Title                    = {Dynamic instrumentation, performance monitoring and analysis of grid scientific workflows},
  Author                   = {Truong, Hong-Linh and Fahringer, Thomas and Dustdar, Schahram},
  Journal                  = {Journal of Grid Computing},
  Year                     = {2005},
  Number                   = {1-2},
  Pages                    = {1--18},
  Volume                   = {3},

  Owner                    = {ryan},
  Publisher                = {Springer},
  Timestamp                = {2015.11.13}
}

@Article{urgaonkar2002resource,
  Title                    = {Resource Overbooking and Application Profiling in Shared Hosting Platforms},
  Author                   = {Urgaonkar, Bhuvan and Shenoy, Prashant and Roscoe, Timothy},
  Journal                  = {SIGOPS Oper. Syst. Rev.},
  Year                     = {2002},

  Month                    = dec,
  Number                   = {SI},
  Pages                    = {239--254},
  Volume                   = {36},

  Acmid                    = {844151},
  Address                  = {New York, NY, USA},
  Doi                      = {10.1145/844128.844151},
  ISSN                     = {0163-5980},
  Issue_date               = {Winter 2002},
  Numpages                 = {16},
  Owner                    = {ryan},
  Publisher                = {ACM},
  Timestamp                = {2015.11.12},
  Url                      = {http://doi.acm.org/10.1145/844128.844151}
}

@InProceedings{vockler2011experiences,
  Title                    = {Experiences using cloud computing for a scientific workflow application},
  Author                   = {V{\"o}ckler, Jens-S{\"o}nke and Juve, Gideon and Deelman, Ewa and Rynge, Mats and Berriman, Bruce},
  Booktitle                = {Proceedings of the 2nd international workshop on Scientific cloud computing},
  Year                     = {2011},
  Organization             = {ACM},
  Pages                    = {15--24},

  Owner                    = {ryan},
  Timestamp                = {2015.02.19}
}

@InProceedings{verma11aria,
  Title                    = {{ARIA}: Automatic Resource Inference and Allocation for Mapreduce Environments},
  Author                   = {Verma, Abhishek and Cherkasova, Ludmila and Campbell, Roy H.},
  Booktitle                = {Proceedings of the 8th ACM International Conference on Autonomic Computing (ICAC)},
  Year                     = {2011},
  Pages                    = {235--244},
  Publisher                = {ACM},
  Acmid                    = {1998637},
  Doi                      = {10.1145/1998582.1998637},
  ISBN                     = {978-1-4503-0607-2},
  Keywords                 = {mapreduce, modeling, resource allocation, scheduling},
  Location                 = {Karlsruhe, Germany},
  Numpages                 = {10}
}

@InProceedings{voorsluys2012reliable,
  Title                    = {Reliable provisioning of spot instances for compute-intensive applications},
  Author                   = {Voorsluys, William and Buyya, Rajkumar},
  Booktitle                = {Proceedings of the 26th International Conference on Advanced Information Networking and Applications (AINA)},
  Year                     = {2012},
  Organization             = {IEEE},
  Pages                    = {542--549}
}

@Article{wilde2009parallel,
  Title                    = {Parallel scripting for applications at the petascale and beyond},
  Author                   = {Wilde, Michael and Foster, Ian and Iskra, Kamil and Beckman, Pete and Zhang, Zhao and Espinosa, Allan and Hategan, Mihael and Clifford, Ben and Raicu, Ioan},
  Journal                  = {Computer},
  Year                     = {2009},
  Number                   = {11},
  Pages                    = {50--60},
  Volume                   = {42},

  Owner                    = {ryan},
  Publisher                = {IEEE},
  Timestamp                = {2015.02.18}
}

@Article{winslow2011cardiovascular,
  Title                    = {The cardiovascular research grid ({CVRG}) project},
  Author                   = {Winslow, RL and Saltz, J and Foster, I and others},
  Journal                  = {Proceedings of the AMIA Summit on Translational Bioinformatics},
  Year                     = {2011},
  Pages                    = {77--81},

  Owner                    = {ryan},
  Timestamp                = {2015.02.19}
}

@InProceedings{wood2008profiling,
  Title                    = {Profiling and modeling resource usage of virtualized applications},
  Author                   = {Wood, Timothy and Cherkasova, Ludmila and Ozonat, Kivanc and Shenoy, Prashant},
  Booktitle                = {Proceedings of the 9th ACM/IFIP/USENIX International Conference on Middleware},
  Year                     = {2008},
  Pages                    = {366--387},

  Owner                    = {ryan},
  Timestamp                = {2015.11.12}
}

@InProceedings{yang05cross,
  Title                    = {Cross-Platform Performance Prediction of Parallel Applications Using Partial Execution},
  Author                   = {Yang, L.T. and Xiaosong Ma and Mueller, F.},
  Booktitle                = {Proceedings of the ACM/IEEE Supercomputing Conference},
  Year                     = {2005},
  Month                    = {Nov},
  Pages                    = {40-40},

  Doi                      = {10.1109/SC.2005.20},
  Keywords                 = {Analytical models;Application software;Computer architecture;Computer science;Hardware;Laboratories;Mathematics;Permission;Predictive models;Production}
}

@Article{yi2012monetary,
  Title                    = {Monetary cost-aware checkpointing and migration on {Amazon} cloud spot instances},
  Author                   = {Yi, Sangho and Andrzejak, Artur and Kondo, Derrick},
  Journal                  = {IEEE Transactions on Services Computing},
  Year                     = {2012},
  Number                   = {4},
  Pages                    = {512--524},
  Volume                   = {5},

  Owner                    = {ryan},
  Publisher                = {IEEE},
  Timestamp                = {2015.02.19}
}

@InProceedings{zentner2011practical,
  Title                    = {Practical considerations in cloud utilization for the science gateway nano{HUB}.org},
  Author                   = {Zentner, Lynn K and Clark, Steven M and Smith, Preston M and Shivarajapura, Swaroop and Farnsworth, Victoria and Madhavan, Krishna PC and Klimeck, Gerhard},
  Booktitle                = {Procceedings of the 4th IEEE International Conference on Utility and Cloud Computing (UCC)},
  Year                     = {2011},
  Organization             = {IEEE},
  Pages                    = {287--292},

  Owner                    = {ryan},
  Timestamp                = {2015.02.19}
}

@InProceedings{zhang06classification,
  Title                    = {Application classification through monitoring and learning of resource consumption patterns},
  Author                   = {Jian Zhang and Figueiredo, R.J.},
  Booktitle                = {Proceedings of the 20th International Parallel and Distributed Processing Symposium (IPDPS)},
  Year                     = {2006},
  Month                    = {April},
  Pages                    = {10 pp},

  Doi                      = {10.1109/IPDPS.2006.1639378},
  Keywords                 = {combinatorial mathematics;pattern classification;principal component analysis;resource allocation;scheduling;application awareness;application classification;application-centric virtual machines;k-nearest neighbor classification;multidimensional resource scheduling;principal component analysis;resource consumption patterns;Abstracts;Application software;Bandwidth;Cloning;Computerized monitoring;Data mining;Feature extraction;Principal component analysis;Processor scheduling;Virtual machining}
}

@Misc{picard,
  Title                    = {{PICARD} Mark Duplicates},
  HowPublished             = {\url{http://broadinstitute.github.io/picard/}},
  Note                     = {Accessed: 2015-11-13}
}

@ARTICLE{palanisamy15cost, 
author={B. Palanisamy and A. Singh and L. Liu}, 
journal={IEEE Transactions on Parallel and Distributed Systems}, 
title={Cost-Effective Resource Provisioning for MapReduce in a Cloud}, 
year={2015}, 
volume={26}, 
number={5}, 
pages={1265-1279}, 
keywords={cloud computing;cost reduction;parallel programming;resource allocation;scheduling;virtual machines;Cura model;MapReduce cloud service model;MapReduce production workload;MapReduce profiling;MapReduce services;VM-aware scheduling;cost-aware resource provisioning;cost-effective resource provisioning;cost-effective solution;dedicated MapReduce cloud;generic compute cloud;online virtual machine reconfiguration;per-job resource optimization;resource allocation scheme;resource usage cost reduction;Computational modeling;Optimization;Resource management;Schedules;Scheduling;Time factors;MapReduce;cloud computing;cost-effectiveness;scheduling}, 
doi={10.1109/TPDS.2014.2320498}, 
ISSN={1045-9219}, 
month={May},}

@article {wikinsdiehr07gateways,
author = {Wilkins-Diehr, Nancy},
title = {Special Issue: Science Gateways—Common Community Interfaces to Grid Resources},
journal = {Concurrency and Computation: Practice and Experience},
volume = {19},
number = {6},
publisher = {John Wiley & Sons, Ltd.},
issn = {1532-0634},
doi = {10.1002/cpe.1098},
pages = {743--749},
year = {2007},
}

@inproceedings{zaharia10spark,
 author = {Zaharia, Matei and Chowdhury, Mosharaf and Franklin, Michael J. and Shenker, Scott and Stoica, Ion},
 title = {Spark: Cluster Computing with Working Sets},
 booktitle = {Proceedings of the 2Nd USENIX Conference on Hot Topics in Cloud Computing},
 series = {HotCloud'10},
 year = {2010},
 location = {Boston, MA},
 pages = {10--10},
 numpages = {1},
 url = {http://dl.acm.org/citation.cfm?id=1863103.1863113},
 acmid = {1863113},
 publisher = {USENIX Association},
 address = {Berkeley, CA, USA},
}

@unpublished{hadoop,
title= {Apache Hadoop},
url = {http://hadoop.apache.org/ [last accessed, March 2016}
}

@MISC{s3_transfer_cost,
  title= {{S3 Inter-region Transfer cost}},
  howpublished = {\url{http://aws.amazon.com/s3/pricing/}},
  note = {Web site. Accessed: May, 2016}
}


@unpublished{login_with_amazon,
title= {Login with Amazon},
url = {http://login.amazon.com/}
}

@InProceedings{chard2016profiling,
author={R. Chard and K. Chard and B. Ng and K. Bubendorfer and A. Rodriguez and R. Madduri and I. Foster}, 
booktitle={Proceedings of the 16th IEEE/ACM International Symposium on Cluster, Cloud and Grid Computing (CCGrid)}, 
title={An Automated Tool Profiling Service for the Cloud}, 
year={2016}, 
pages={223-232}, 
keywords={cloud computing;program diagnostics;resource allocation;automated tool profiling service;cloud computing;optimal instance selection;production genomics gateway;resource capacity;Bioinformatics;Cloud computing;Genomics;Logic gates;Monitoring;Production;Cloud Computing;Cloud Provisioning;Profiling}, 
doi={10.1109/CCGrid.2016.57}, 
month={May}
}

@MISC{ist_dataclass,
  title = {{Data Classification (MIT, IST)}},
  howpublished = {\url{https://ist.mit.edu/security/data_sensitivity}},
  note = {Web site. Accessed: July, 2017}
}


@MISC{rdc_uscensus,
  title = {{Center for Economic Studies (CES)}},
  howpublished = {\url{https://www.census.gov/ces/rdcresearch/}},
  note = {Web site. Accessed: July, 2017}
}

@article{grossman2016toward,
      title={Toward a shared vision for cancer genomic data},
      author={Grossman, Robert L and Heath, Allison P and Ferretti, Vincent and Varmus, Harold E and Lowy, Douglas R and Kibbe, Warren A and Staudt, Louis M},
      journal={New England Journal of Medicine},
      volume={375},
      number={12},
      pages={1109--1112},
      year={2016},
      publisher={Mass Medical Soc}
    }
    
@ARTICLE{dbgap,
  author = {Mailman, M.D. and Feolo, M and Jin, Y. and Kimura, M. and Tryka,
	K. and Bagoutdinov, R. and Hao, L. and Kiang, A. and Paschall, J.
	and Phan, L. and Popova, N. and Pretel, S. and Ziyabari, L. and Lee,
	M. and Shao, Y. and Wang, Z.Y. and Sirotkin, K. and Ward, M. and
	Kholodov, M. and Zbicz, K. and Beck, J. and Kimelman, M. and Shevelev,
	S. and Preuss, D. and Yaschenko, E. and Graeff, A. and Ostell, J.
	and Sherry, S.T..},
  title = {The {NCBI dbGaP} database of genotypes and phenotypes.},
  journal = {Nature Genetics},
  year = {2007},
  volume = {39},
  pages = {1181--1186},
  number = {10}
}

@MISC{cdc,
  title = {{NCHS Research Data Center (RDC)}},
  howpublished = {\url{https://www.cdc.gov/rdc/index.htm}},
  note = {Web site. Accessed: May, 2016}
}

@MISC{simbad,
  title = {{SIMBAD Astronomical Database}},
  howpublished = {\url{http://simbad.u-strasbg.fr/simbad/}},
  note = {Web site. Accessed: May, 2016}
}

@book{irods,
 author = {Rajasekar, Arcot and Moore, Reagan and Hou, Chien-yi and Lee, Christopher A. and Marciano, Richard and de Torcy, Antoine and Wan, Michael and Schroeder, Wayne and Chen, Sheau-Yen and Gilbert, Lucas and Tooby, Paul and Zhu, Bing},
 title = {iRODS Primer: Integrated Rule-Oriented Data System},
 year = {2010},
 isbn = {1608453332, 9781608453337},
 publisher = {Morgan and Claypool Publishers},
} 


@ARTICLE{cloudman,
  author = {Enis Afgan and Dannon Baker and Nate Coraor and	Hiroki Goto and	Ian M Paul and Kateryna D Makova and Anton Nekrutenko	and James Taylor},
  title = {Harnessing cloud computing with Galaxy Cloud},
  journal = {Nature Biotechnology},
  year = {2011},
  volume = {29},
  pages = {972--974}
}

@MISC{starcluster,
  title = {{StarCluster}},
  howpublished = {\url{http://star.mit.edu/cluster/}},
  note = {Web site. Accessed: May, 2016}
}

@inproceedings{albrecht12makeflow,
 author = {Albrecht, Michael and Donnelly, Patrick and Bui, Peter and Thain, Douglas},
 title = {Makeflow: A Portable Abstraction for Data Intensive Computing on Clusters, Clouds, and Grids},
 booktitle = {Proceedings of the 1st ACM SIGMOD Workshop on Scalable Workflow Execution Engines and Technologies},
 year = {2012},
 isbn = {978-1-4503-1876-1},
 location = {Scottsdale, Arizona, USA},
 pages = {1:1--1:13},
 articleno = {1},
 numpages = {13},
 doi = {10.1145/2443416.2443417},
 acmid = {2443417},
 publisher = {ACM}
} 

@INPROCEEDINGS{wu11cloud, 
author={W. Wu and H. Zhang and Z. Li and Y. Mao}, 
booktitle={Proceedings of the 7th  IEEE International Conference on e-Science}, 
title={Creating a Cloud-based Life Science Gateway}, 
year={2011}, 
pages={55-61}, 
keywords={bioinformatics;cloud computing;molecular biophysics;virtual machines;B-cell epitope prediction;Hadoop streaming;bioinformatics software tool;cloud computing;cloud-based life science gateway;high-throughput sequence analysis;open life science gateway;virtual machine;Authorization;Bioinformatics;Cloud computing;Collaboration;Logic gates;Resource management;Science Gateway;cloud computing}, 
doi={10.1109/eScience.2011.16}, 
month={Dec},}

@ARTICLE{stanzione11iplant, 
author={D. Stanzione}, 
journal={Computer}, 
title={The {iPlant} Collaborative: Cyberinfrastructure to Feed the World}, 
year={2011}, 
volume={44}, 
number={11}, 
pages={44-52}, 
keywords={biology computing;botany;cyberinfrastructure;iPlant collaborative;plant biology;Collaboration;Computational modeling;DNA;Genomics;High performance computing;Plants (biology);High-performance computing;Multitier systems;Plant science;System architecture;iPlant Collective}, 
doi={10.1109/MC.2011.297}, 
ISSN={0018-9162}, 
month={Nov},}

@INPROCEEDINGS{liu13cybergis, 
author={Y. Liu and A. Padmanabhan and S. Wang}, 
booktitle={Proceedings of the IEEE International Conference on Cluster Computing (CLUSTER)}, 
title={{CyberGIS} Gateway for enabling data-rich geospatial research and education}, 
year={2013}, 
pages={1-3}, 
keywords={cloud computing;data analysis;data visualisation;geographic information systems;hypermedia markup languages;interactive systems;CyberGIS Gateway;HTML5-based mashup library;cloud computing resources;data-rich geospatial research;geospatial education;interactive analytics;interactive user interface;multiple science communities;online problem-solving environment;open service integration framework;visualization;Education;Logic gates;Visualization;CyberGIS;cyberinfrastructure;science gateways;spatial analysis}, 
doi={10.1109/CLUSTER.2013.6702694}, 
ISSN={1552-5244}, 
month={Sept},}
